<?xml version="1.0" encoding="UTF-8"?><collection><record><leader>08118ntm a2200565 a 4500</leader><controlfield tag="001">005988894</controlfield><controlfield tag="003">MiAaHDL</controlfield><controlfield tag="005">20190719000000.0</controlfield><controlfield tag="006">m        d        </controlfield><controlfield tag="007">cr bn ---auaua</controlfield><controlfield tag="008">090406q17uu18uuxx            00| ||ara d</controlfield><datafield tag="035" ind1=" " ind2=" "><subfield code="a">(MiU)005988894</subfield></datafield><datafield tag="035" ind1=" " ind2=" "><subfield code="a">sdr-miu005988894</subfield></datafield><datafield tag="040" ind1=" " ind2=" "><subfield code="a">MiU</subfield><subfield code="c">MiU</subfield><subfield code="e">amremm</subfield></datafield><datafield tag="043" ind1=" " ind2=" "><subfield code="a">n-us-mi</subfield></datafield><datafield tag="100" ind1="1" ind2=" "><subfield code="6">880-01</subfield><subfield code="a">Qārī al-Harawī, ʻAlī ibn Sulṭān Muḥammad,</subfield><subfield code="d">-1605 or 1606.</subfield></datafield><datafield tag="245" ind1="1" ind2="3"><subfield code="6">880-02</subfield><subfield code="a">[al-Ḥizb al-aʻẓam maʻa Dalāʼil al-khayrāt,</subfield><subfield code="f">late 18th or early 19th century?].</subfield></datafield><datafield tag="260" ind1=" " ind2=" "><subfield code="c">[17-- or 18--].</subfield></datafield><datafield tag="300" ind1=" " ind2=" "><subfield code="a">77 leaves :</subfield><subfield code="b">paper ;</subfield><subfield code="c">177 x 118 (131 x 59) bound to 177 x 121 mm.</subfield></datafield><datafield tag="500" ind1=" " ind2=" "><subfield code="a">Shelfmark: Ann Arbor, University of Michigan, Special Collections Library, Isl. Ms. 42</subfield></datafield><datafield tag="500" ind1=" " ind2=" "><subfield code="a">Origin: Lacks dated colophon. Paper would suggest late 18th or early 19th century. Date in seal impression on fol.75b (p.148) provides a rough terminus ante quem of 1846 or 7.</subfield></datafield><datafield tag="500" ind1=" " ind2=" "><subfield code="a">Former shelfmark: British Museum, London "No. 149. Al-Hizb al-azam, Dalail al-khairat, etc."</subfield></datafield><datafield tag="500" ind1=" " ind2=" "><subfield code="a">Binding: Pasteboards covered in brown leather ; Type II binding (with flap, though now lost) ; pastedowns and flyleaves in a yellow-tinted paper ; upper and lower covers bear fine stamped, red and gold-painted scalloped mandorla with vegetal composition (compare Deroche class. NSd 7) and gold painted accents, along with gold-painted roll border in a series of s-shaped stamps and gold fillets ; sewn in dingy grey thread (once pink?), two stations ; endbands virtually lost, only traces of primaries remain ; in poor condition with abrasion, staining, lifting and detaching of leather (particularly at spine), flap lost, boards exposed and delaminating at corners, etc.</subfield></datafield><datafield tag="500" ind1=" " ind2=" "><subfield code="a">Support: European laid paper with roughly 13 laid lines per cm. (vertical) and chain lines spaced 29 mm. apart (horizontal) ; watermark of grapes with crown above ; staining and smudging.</subfield></datafield><datafield tag="500" ind1=" " ind2=" "><subfield code="a">Decoration: Simple illuminated headpiece (ʻunwān) on fol.1b (p.1) and on p.72 (nearly identical) consisting of rectangular piece surmounted by semi-circular (dome) piece ; rectangular piece carries the basmalah in a cartouche defined by flanking accents in gold ; scalloped semi-circular piece carries swirling floral vegetal pattern in white, pink, red and black on a field of gold, outlined in blue and surmounted by vertical stalks (tīgh) in blue ; headpiece is set in a well of red and gold bands outlined by black fillets with blue and white circular accents ; written area of incipit and facing page bordered in gold frame ; elsewhere written area surrounded by red rule-border ; textual dividers in the form of gold discs ; incomplete diagram showing the tombs of Muḥammad, Abū Bakr and ʻUmar on fol.43a (p.83) ; text rubricated with section headings, keywords, overlining, etc. in red.</subfield></datafield><datafield tag="500" ind1=" " ind2=" "><subfield code="a">Script: Naskh influenced by nastaʻlīq ; fine Turkish or Persian hand ; sans serif ; effect of tilt to the right ; words often descending to baseline ; mainly closed counters ; kāf mashkūlah preferred ; horizontal strokes usually in heavier line and often elongated.</subfield></datafield><datafield tag="500" ind1=" " ind2=" "><subfield code="a">Layout: Written in 17 lines per page ; frame-ruled (impression of ruling board evident).</subfield></datafield><datafield tag="500" ind1=" " ind2=" "><subfield code="a">Collation: 3 V(30), V-4 (36), V-1 (45), 2 V(65), VI (77) ; chiefly quinions ; catchwords occasionally present (last word of final line recto repeating on following verso) ; pagination in pencil, Western numerals, supplied during digitization (skips two pages between pp.1-2, mistakenly repeats p.91, and skips from p.107 to 109).</subfield></datafield><datafield tag="500" ind1=" " ind2=" "><subfield code="a">Explicit: [al-Ḥizb al-aʻẓam] "اللهم صلى على محمد عبدك ورسولك النبي الامي الذي آمن بك وبكتابك واعطه افضل رحمتك واته الشرف على خلقك يوم القيامة واجزه خير الجزاء والسلام عليه ورحمة الله وبركاته" [Dalāʼil al-khayrāt] "صلى الله على سيدنا محمد خاتم النبيين وامام المرسلين وعلى اله وصحبه وسلم تسليمأ والحمد لله رب العالمين وهو حسبنا ونعم الوكيل"</subfield></datafield><datafield tag="500" ind1=" " ind2=" "><subfield code="a">Incipit: [al-Ḥizb al-aʻẓam] "الحمد لله الذي دعانا للايمان وهدانا بالقرآن واجاب دعوتنا بالفضل والاحسان ... اما بعد فيقول العبد الداعي الراجي مغفرة ربه الباري علي بن سلطان محمد القاري ستر عيوبهما لما رايت بعض السالكين يتعلقون باوراد المشياخ المعتبرين ... فخطر ببالي ان اجمع الدعوات الماثورة في الاحاديث المشهورة ... وسميته الحزب الاعظم لانتسابه واستناده الى الرسول الاكرم ..." [Dalāʼil al-khayrāt] "وصلى الله على سيدنا محمد واله وسلم قال الشيخ الفقيه الامام العالم سيدي ابو عبد الله محمد بن سليمان الجزولي رحمه الله تعالى الحمد لله الذي هدانا للايمان والاسلام والصلاة والسلام على محمد نبيه ... وبعد فالغرض في هذا الكتاب ذكر الصلاة على النبي صلى الله عليه وسلم وفضائلها اذكرها محذوفة الاسانيد ليسهل حفظها على القاري وهي من اهم المهمات لمن يريد القرب من رب الارباب وسميته بكتاب دلائل الخيرات وشوارق الانوار في ذكر الصلاة على النبي المختار صلى الله عليه وسلم ..."</subfield></datafield><datafield tag="500" ind1=" " ind2=" "><subfield code="a">Title supplied by cataloguer.</subfield></datafield><datafield tag="500" ind1=" " ind2=" "><subfield code="a">Ms. codex.</subfield></datafield><datafield tag="505" ind1="0" ind2=" "><subfield code="a">5. fol.76a-fol.77b : [assorted prayers, originally blank].</subfield></datafield><datafield tag="505" ind1="0" ind2=" "><subfield code="a">4. fol.37b-fol.75b : Dalāʼil al-khayrāt wa-shawāriq al-anwār fī dhikr al-ṣalāh ʻalá al-nabī al-mukhtār / al-Jazūlī.</subfield></datafield><datafield tag="505" ind1="0" ind2=" "><subfield code="a">3. fol.32b-fol.37a : [assorted prayers, originally blank].</subfield></datafield><datafield tag="505" ind1="0" ind2=" "><subfield code="a">2. fol.2b-fol.32a : al-Ḥizb al-aʻẓam wa-al-wird al-afkham / al-Qārī al-Harawī.</subfield></datafield><datafield tag="505" ind1="0" ind2=" "><subfield code="a">1. fol.1a-fol.2a : [assorted prayers, originally blank].</subfield></datafield><datafield tag="520" ind1="8" ind2=" "><subfield code="a">Fine prayerbook containing al-Qārī al-Harawī's al-Ḥizb al-aʻẓam followed by the celebrated Dalāʼil al-khayrāt of al-Jazūlī, with numerous assorted prayers and remedies on the remaining leaves.</subfield></datafield><datafield tag="538" ind1=" " ind2=" "><subfield code="a">Mode of access: Internet.</subfield></datafield><datafield tag="541" ind1=" " ind2=" "><subfield code="c">Purchase ;</subfield><subfield code="a">Acquired by purchase along with Abdul Hamid Collection (funds donated by Horace Rackham).</subfield><subfield code="d">1924.</subfield></datafield><datafield tag="546" ind1=" " ind2=" "><subfield code="a">Arabic.</subfield></datafield><datafield tag="561" ind1=" " ind2=" "><subfield code="a">Bookplate of British Museum, London on interior of upper cover, "British Museum, London. No. 149. Al-Hizb al-azam, Dalail al-khairat, etc." ; circular seal impression with figure of goat/gazelle in purple ink as well as inscription "416" in Western numerals on fol.1a (p.1) ; also on fol.1a (p.1) circular seal impression "مظهر فيض خدا ... محمد يحيى [؟]" ; oval seal impression on fol.2a (p.[]) "السيد عبد الغفور ۱۲٦٤" ; occasional marginal corrections and glosses ; oval seal impression on fol.75b (p.148) "السيد يعقوب ١۲٦۳" ; on fol.77b (p.152) magic square (budūḥ) as treatment for a woman in the throes of hard labor.</subfield></datafield><datafield tag="600" ind1="0" ind2="0"><subfield code="a">Muḥammad,</subfield><subfield code="c">Prophet,</subfield><subfield code="d">-632</subfield><subfield code="v">Early works to 1800.</subfield></datafield><datafield tag="650" ind1=" " ind2="0"><subfield code="a">Manuscripts, Arabic</subfield><subfield code="z">Michigan</subfield><subfield code="z">Ann Arbor.</subfield></datafield><datafield tag="650" ind1=" " ind2="0"><subfield code="a">Islam</subfield><subfield code="v">Prayers and devotions</subfield><subfield code="v">Early works to 1800.</subfield></datafield><datafield tag="655" ind1=" " ind2="7"><subfield code="a">Headpieces (layout features)</subfield><subfield code="y">19th century.</subfield><subfield code="2">aat</subfield></datafield><datafield tag="700" ind1="1" ind2="2"><subfield code="6">880-04</subfield><subfield code="a">Jazūlī, Muḥammad ibn Sulaymān,</subfield><subfield code="d">-1465.</subfield><subfield code="t">Dalālʼil al-khayrāt.</subfield></datafield><datafield tag="773" ind1="0" ind2=" "><subfield code="a">Tiflis Collection.</subfield></datafield><datafield tag="880" ind1="1" ind2="2"><subfield code="6">700-04/</subfield><subfield code="a">جزولي، محمد بن سليمان،</subfield><subfield code="d">d. 1465</subfield><subfield code="t">دلائل الخيرات.</subfield></datafield><datafield tag="880" ind1="1" ind2="2"><subfield code="6">245-02/</subfield><subfield code="a">[الحزب الاعظم مع دلائل الخيرات,</subfield><subfield code="f">اواخر القرن 18م أو اوائل القرن 19م؟].</subfield></datafield><datafield tag="880" ind1="1" ind2=" "><subfield code="6">100-01/</subfield><subfield code="a">قاري الهروي، علي بن سلطان محمد.</subfield></datafield><datafield tag="CID" ind1=" " ind2=" "><subfield code="a">005988894</subfield></datafield><datafield tag="DAT" ind1="0" ind2=" "><subfield code="a">20190719102634.0</subfield><subfield code="b">20190719000000.0</subfield></datafield><datafield tag="DAT" ind1="1" ind2=" "><subfield code="a">20190719090653.0</subfield><subfield code="b">2019-07-19T16:11:10Z</subfield></datafield><datafield tag="DAT" ind1="2" ind2=" "><subfield code="a">2015-10-02T18:00:03Z</subfield></datafield><datafield tag="CAT" ind1=" " ind2=" "><subfield code="a">SDR-MIU</subfield><subfield code="d">EX LIBRIS - ALEPH</subfield><subfield code="l">prepare.pl-004-008</subfield></datafield><datafield tag="FMT" ind1=" " ind2=" "><subfield code="a">BK</subfield></datafield><datafield tag="HOL" ind1=" " ind2=" "><subfield code="0">sdr-miu005988894</subfield><subfield code="a">MiU</subfield><subfield code="b">SDR</subfield><subfield code="c">MIU</subfield><subfield code="p">mdp.39015079105667</subfield><subfield code="s">MIU</subfield><subfield code="1">005988894</subfield></datafield><datafield tag="974" ind1=" " ind2=" "><subfield code="b">MIU</subfield><subfield code="c">MIU</subfield><subfield code="d">20190719</subfield><subfield code="s">lit-dlps-dc</subfield><subfield code="u">mdp.39015079105667</subfield><subfield code="y">1899</subfield><subfield code="r">pd</subfield><subfield code="q">exp</subfield></datafield></record></collection>